@ARTICLE{RudinOsher,
    author = {Leonid I. Rudin, Stanley Osher and Emad Fatemi},
    title = "{Nonlinear total variation based noise removal algorithms}",
    journal = {Physica D},
    year = 1992,
    volume = 60,
    pages = {259-168},
}

@book{AbsilOptim,
    author = {Absil},
    edition = 3,
    isbn = {0750635398},
    keywords = {book},
    month = jan,
    publisher = {Butterworth-Heinemann},
    title = {Optimatization on Matrix Manifolds},
    year = 1981
}

